@manual{lab,
    title = {BPC-PRP - Practical Robotics and Computer Vision},
    author = {Ligocki, A. and Šopák, P. and Minařík, J.},
    edition = {1},
    address = {Brno},
    institution = {Fakulta elektrotechniky a komunikačních technologií VUT v Brně},
    month = {5},
    year = {2025},
    howpublished = {online},
    url = {https://robotics-but.github.io/BPC-PRP/},
    cited = {2025-05-17}
}

@manual{robot,
    title = {Fenrir Project - Universal Robotic Platform},
    author = {Ligocki, A. and Minařík, J.},
    edition = {1},
    address = {Brno},
    institution = {Fakulta elektrotechniky a komunikačních technologií VUT v Brně},
    month = {3},
    year = {2025},
    howpublished = {online},
    url = {https://robotics-but.github.io/fenrir-project/},
    cited = {2025-05-17}
}

@article{ros,
    author = {Macenski, S. and Foote, T. and Gerkey, B. and Lalancette, C. and Woodall, W.},
    title = {Robot Operating System 2: Design, architecture, and uses in the wild},
    journal = {Science Robotics},
    volume = {7},
    number = {66},
    pages = {eabm6074},
    year = {2022},
    doi = {10.1126/scirobotics.abm6074},
    URL = {https://www.science.org/doi/abs/10.1126/scirobotics.abm6074}
}

@unpublished{prez1,
    author = {Ligocky, A.},
    title = {Course Introduction},
    subtitle = {Robotics and Computer Vision (BPC-PRP)},
    edition = {1},
    address = {Brno},
    institution = {Fakulta elektrotechniky a komunikačních technologií VUT v Brně},
    month = {2},
    year = {2025},
    howpublished = {online},
    url = {https://github.com/Robotics-BUT/BPC-PRP/blob/master/keynotes/bpc-prp-1-introduction.pdf},
    cited = {2025-05-17},
    note = {Podklady k přednášce.}
}

@article{opencv,
    author = {Bradski, G.},
    citeulike-article-id = {2236121},
    journal = {Dr. Dobb's Journal of Software Tools},
    keywords = {bibtex-import},
    posted-at = {2008-01-15 19:21:54},
    priority = {4},
    title = {{The OpenCV Library}},
    year = {2000}
}
